@inproceedings{JSNaughty2017,
	author = {Vasilescu, Bogdan and Casalnuovo, Casey and Devanbu, Premkumar},
	title = {Recovering Clear, Natural Identifiers from Obfuscated JS Names},
	booktitle = {Proceedings of the 11th Joint Meeting on Foundations of Software Engineering},
	series = {ESEC/FSE 2017},
	year = {2017},
	pages = {683--693},
	publisher = {ACM},
} 

@inproceedings{JSNice2015,
	author = {Raychev, Veselin and Vechev, Martin and Krause, Andreas},
	title = {Predicting Program Properties from "Big Code"},
	booktitle = {Proceedings of the 42nd Annual ACM SIGPLAN-SIGACT Symposium on Principles of Programming Languages},
	series = {POPL '15},
	year = {2015},
	pages = {111--124},
	publisher = {ACM},
}

@inproceedings{George:1995,
	author = {George J. Klir and Bo Yuan},
	title = {Fuzzy Sets and Fuzzy Logic: Theory and Applicationss},
	series = {Prentice-Hall, Inc., Upper Saddle River, NJ, USA},
	year = {1995},
}


@inproceedings{icse16,
	author = {Nguyen, Trong Duc and Nguyen, Anh Tuan and Nguyen, Tien N.},
	title = {Mapping API Elements for Code Migration with Vector Representations},
	booktitle = {Proceedings of the 38th International Conference on Software Engineering},
	series = {ICSE 2016},
	year = {2016}
}

@inproceedings{Subramanian2014ICSE,
 author = {Subramanian, Siddharth and Inozemtseva, Laura and Holmes, Reid},
 title = {Live API Documentation},
 booktitle = {Proceedings of the 36th International Conference on Software Engineering},
 series = {ICSE 2014},
 year = {2014},
 location = {Hyderabad, India},
 pages = {643--652},
} 

@INPROCEEDINGS{Dagenais2012ICSE,
author={Dagenais, Barthelemy and Robillard, Martin P.},
booktitle={Software Engineering (ICSE), 34th International Conference on}, 
title={Recovering traceability links between an API and its learning resources},
year={2012},
volume={},
number={},
pages={47 -57},
keywords={},
}

@inproceedings{Bacchelli2010ICSE,
  title={Linking e-mails and source code artifacts},
  author={Bacchelli, A. and Lanza, M. and Robbes, R.},
  booktitle={Proceedings of the 32nd ACM/IEEE International Conference on Software Engineering-Volume 1},
  pages={375--384},
  year={2010},
  organization={ACM}
}

@article{Antoniol2002TSE,
  title={Recovering traceability links between code and documentation},
  author={Antoniol, G. and Canfora, G. and Casazza, G. and De Lucia, A. and Merlo, E.},
  journal={Software Engineering, IEEE Transactions on},
  volume={28},
  number={10},
  pages={970--983},
  year={2002},
  publisher={IEEE}
}

@inproceedings{Marcus2003ICSE,
  title={Recovering documentation-to-source-code traceability links using latent semantic indexing},
  author={Marcus, A. and Maletic, J.I.},
  booktitle={Software Engineering, 2003. Proceedings. 25th International Conference on},
  pages={125--135},
  year={2003},
  organization={Ieee}
}

@inproceedings{rigby-icse13,
 author = {Rigby, Peter C. and Robillard, Martin P.},
 title = {Discovering Essential Code Elements in Informal Documentation},
 booktitle = {Proceedings of the 2013 International Conference on Software Engineering},
 series = {ICSE '13},
 year = {2013},
 pages = {832--841},
 numpages = {10},
 publisher = {IEEE Press},
} 

@MISC{openhub,
        TITLE     = {{Black Duck Open Hub}},
        HOWPUBLISHED = {http://code.openhub.net/},
        KEY       = {black duck openhub}
}

@MISC{uglify,
        TITLE     = {{Uglify}},
        HOWPUBLISHED = {https://github.com/mishoo/UglifyJS},
        KEY       = {Uglify}
}

@MISC{jsnice-website,
        TITLE     = {{JSNice}},
        HOWPUBLISHED = {https://files.sri.inf.ethz.ch/jsniceartifact/index.html},
        KEY       = {JSNice}
}

@MISC{jsneat-website,
        TITLE     = {{JSNeat}},
        HOWPUBLISHED = {https://mrstarrynight.github.io/JSNeat/},
        KEY       = {JSNeat}
}


@MISC{codase,
        TITLE     = {{Codase}},
        HOWPUBLISHED = {http://www.codase.com/},
        KEY       = {Codease}
}

@inproceedings{jungloid-pldi05,
 author = {Mandelin, David and Xu, Lin and Bod\'{\i}k, Rastislav and Kimelman, Doug},
 title = {Jungloid Mining: Helping to Navigate the API Jungle},
 booktitle = {Proceedings of the 2005 ACM SIGPLAN Conference on Programming Language Design and Implementation},
 series = {PLDI '05},
 year = {2005},
 pages = {48--61},
 publisher = {ACM},
} 

@inproceedings{altair-fse09,
 author = {Long, Fan and Wang, Xi and Cai, Yang},
 title = {Api Hyperlinking via Structural Overlap},
 booktitle = {Proceedings of the ACM SIGSOFT Symposium on The Foundations of Software Engineering},
 series = {ESEC/FSE '09},
 year = {2009},
 pages = {203--212},
 publisher = {ACM},
} 

@inproceedings{mapo-ecoop09,
 author = {Zhong, Hao and Xie, Tao and Zhang, Lu and Pei, Jian and Mei, Hong},
 title = {MAPO: Mining and Recommending API Usage Patterns},
 booktitle = {Proceedings of the 23rd European Conference on Object-Oriented Programming},
 year = {2009},
 pages = {318--343},
 publisher = {Springer},
} 

@inproceedings{sourcerer-oopsla06,
 author = {Bajracharya, Sushil and Ngo, Trung and Linstead, Erik and Dou, Yimeng and Rigor, Paul and Baldi, Pierre and Lopes, Cristina},
 title = {Sourcerer: A Search Engine for Open Source Code Supporting Structure-based Search},
 booktitle = {Object-oriented Programming Systems, Languages, and Applications},
 series = {OOPSLA '06},
 year = {2006},
 pages = {681--682},
 publisher = {ACM},
} 

@inproceedings{gridle-sac06,
 author = {Puppin, Diego and Silvestri, Fabrizio},
 title = {The Social Network of Java Classes},
 booktitle = {SAC'06},
 year = {2006},
 pages = {1409--1413},
 publisher = {ACM},
} 

@inproceedings{assieme-uist07,
 author = {Hoffmann, Raphael and Fogarty, James and Weld, Daniel S.},
 title = {Assieme: Finding and Leveraging Implicit References in a Web Search Interface for Programmers},
 booktitle = {Proceedings of the 20th Annual ACM Symposium on User Interface Software and Technology},
 series = {UIST '07},
 year = {2007},
 pages = {13--22},
 publisher = {ACM},
} 

@inproceedings{McMillan-rsc10,
 author = {McMillan, Collin and Poshyvanyk, Denys and Grechanik, Mark},
 title = {Recommending Source Code Examples via API Call Usages and Documentation},
 booktitle = {Proceedings of the 2Nd International Workshop on Recommendation Systems for Software Engineering},
 series = {RSSE '10},
 year = {2010},
 pages = {21--25},
 publisher = {ACM},
} 

@inproceedings{haiduc-icse13,
 author = {Haiduc, Sonia and Bavota, Gabriele and Marcus, Andrian and Oliveto, Rocco and De Lucia, Andrea and Menzies, Tim},
 title = {Automatic Query Reformulations for Text Retrieval in Software Engineering},
 booktitle = {Proceedings of the 2013 International Conference on Software Engineering},
 series = {ICSE '13},
 year = {2013},
 pages = {842--851},
 publisher = {IEEE Press},
}

@article{stolee-jss15,
 author = {Kathryn T. Stolee and Sebastian Elbaum and Matthew B. Dwyer},
 title = {Code search with input/output queries: Generalizing, ranking, and assessment},
 journal = {J. Syst. Softw.},
 year = {2015},
 publisher = {Elsevier Science Inc.},
}

@article{stolee-tosem14,
 author = {Stolee, Kathryn T. and Elbaum, Sebastian and Dobos, Daniel},
 title = {Solving the Search for Source Code},
 journal = {ACM Trans. Softw. Eng. Methodol.},
 issue_date = {May 2014},
 volume = {23},
 number = {3},
 month = jun,
 year = {2014},
 pages = {26:1--26:45},
 articleno = {26},
 numpages = {45},
 publisher = {ACM},
}

@article{penix-ase99,
 author = {Penix, John and Alexander, Perry},
 title = {Efficient Specification-Based Component Retrieval},
 journal = {Automated Software Engg.},
 issue_date = {April 1999},
 volume = {6},
 number = {2},
 month = apr,
 year = {1999},
 pages = {139--170},
 numpages = {32},
 publisher = {Kluwer Academic Publishers},
}   

@inproceedings{zaremski-fse95,
 author = {Zaremski, Amy Moormann and Wing, Jeannette M.},
 title = {Specification Matching of Software Components},
 booktitle = {Proceedings of the 3rd ACM SIGSOFT Symposium on Foundations of Software Engineering},
 series = {SIGSOFT '95},
 year = {1995},
 pages = {6--17},
 publisher = {ACM},
} 

@article{zaremski-tosem97,
 author = {Zaremski, Amy Moormann and Wing, Jeannette M.},
 title = {Specification Matching of Software Components},
 journal = {ACM Trans. Softw. Eng. Methodol.},
 issue_date = {Oct. 1997},
 volume = {6},
 number = {4},
 month = oct,
 year = {1997},
 pages = {333--369},
 numpages = {37},
 publisher = {ACM},
} 

@inproceedings{codegenie07,
 author = {Lazzarini Lemos, Ot\'{a}vio Augusto and Bajracharya, Sushil Krishna and Ossher, Joel},
 title = {CodeGenie:: A Tool for Test-driven Source Code Search},
 booktitle = {Object-oriented Programming Systems and Applications Companion},
 series = {OOPSLA '07},
 year = {2007},
 pages = {917--918},
 publisher = {ACM},
} 

@inproceedings{reiss-icse09,
 author = {Reiss, Steven P.},
 title = {Semantics-based Code Search},
 booktitle = {Proceedings of the 31st International Conference on Software Engineering},
 series = {ICSE '09},
 year = {2009},
 pages = {243--253},
 publisher = {IEEE Computer Society},
} 

@article{podgurski-tosem93,
 author = {Podgurski, Andy and Pierce, Lynn},
 title = {Retrieving Reusable Software by Sampling Behavior},
 journal = {ACM Trans. Softw. Eng. Methodol.},
 issue_date = {July 1993},
 volume = {2},
 number = {3},
 month = jul,
 year = {1993},
 pages = {286--303},
 publisher = {ACM},
} 

@inproceedings{buse-icse12,
 author = {Buse, Raymond P. L. and Weimer, Westley},
 title = {Synthesizing API Usage Examples},
 booktitle = {Proceedings of the 34th International Conference on Software Engineering},
 series = {ICSE '12},
 year = {2012},
 pages = {782--792},
 publisher = {IEEE Press},
} 


@inproceedings{gulwani-11,
 author = {Gulwani, Sumit},
 title = {Automating String Processing in Spreadsheets Using Input-output Examples},
 booktitle = {Proceedings of the 38th Annual ACM SIGPLAN-SIGACT Symposium on Principles of Programming Languages},
 series = {POPL '11},
 year = {2011},
 isbn = {978-1-4503-0490-0},
 location = {Austin, Texas, USA},
 pages = {317--330},
 numpages = {14},
 url = {http://doi.acm.org/10.1145/1926385.1926423},
 doi = {10.1145/1926385.1926423},
 acmid = {1926423},
 publisher = {ACM},
 address = {New York, NY, USA},
 keywords = {program synthesis, programming by example (pbe), spreadsheet programming, string manipulation, user intent, version space algebra},
} 

@inproceedings{gulwani-pldi11,
 author = {Gulwani, Sumit and Korthikanti, Vijay Anand and Tiwari, Ashish},
 title = {Synthesizing Geometry Constructions},
 booktitle = {Proceedings of the 32Nd ACM SIGPLAN Conference on Programming Language Design and Implementation},
 series = {PLDI '11},
 year = {2011},
 pages = {50--61},
 publisher = {ACM},
} 

@inproceedings{harris-pldi11,
 author = {Harris, William R. and Gulwani, Sumit},
 title = {Spreadsheet Table Transformations from Examples},
 booktitle = {Proceedings of the 32Nd ACM SIGPLAN Conference on Programming Language Design and Implementation},
 series = {PLDI '11},
 year = {2011},
 isbn = {978-1-4503-0663-8},
 location = {San Jose, California, USA},
 pages = {317--328},
 numpages = {12},
 url = {http://doi.acm.org/10.1145/1993498.1993536},
 doi = {10.1145/1993498.1993536},
 acmid = {1993536},
 publisher = {ACM},
 address = {New York, NY, USA},
 keywords = {end-user programming, program synthesis, programming by example, spreadsheet programming, table manipulation, user intent},
} 

@inproceedings{jha-icse10,
 author = {Jha, Susmit and Gulwani, Sumit and Seshia, Sanjit A. and Tiwari, Ashish},
 title = {Oracle-guided Component-based Program Synthesis},
 booktitle = {Proceedings of the 32Nd ACM/IEEE International Conference on Software Engineering},
 series = {ICSE '10},
 year = {2010},
 pages = {215--224},
 publisher = {ACM},
} 

@inproceedings{singh-fse11,
 author = {Singh, Rishabh and Solar-Lezama, Armando},
 title = {Synthesizing Data Structure Manipulations from Storyboards},
 booktitle = {Proceedings of the 19th ACM SIGSOFT Symposium and the 13th European Conference on Foundations of Software Engineering},
 series = {ESEC/FSE '11},
 year = {2011},
 pages = {289--299},
 publisher = {ACM},
} 

@article{ibmmodel,
 author = {Brown, Peter F. and Pietra, Vincent J. Della and Pietra, Stephen A. Della and Mercer, Robert L.},
 title = {The mathematics of statistical machine translation: parameter estimation},
 journal = {Comput. Linguist.},
 issue_date = {June 1993},
 volume = {19},
 number = {2},
 month = jun,
 year = {1993},
 pages = {263--311},
 numpages = {49},
 publisher = {MIT Press},
}

@inproceedings{icse15,
 author = {Nguyen, Anh Tuan and Nguyen, Tien N.},
 title = {Graph-based Statistical Language Model for Code},
 booktitle = {Proceedings of the 37th International Conference on Software Engineering},
 series = {ICSE 2015},
 year = {2015},
 publisher = {IEEE CS},
}

@inproceedings{fse09,
 author = {Nguyen, Tung Thanh and Nguyen, Hoan Anh and Pham, Nam H. and Al-Kofahi, Jafar M. and Nguyen, Tien N.},
 title = {Graph-based Mining of Multiple Object Usage Patterns},
 booktitle = {Proceedings of Conference on the Foundations of Software Engineering},
 series = {ESEC/FSE '09},
 year = {2009},
 pages = {383--392},
 publisher = {ACM},
}

@inproceedings{portfolio-icse11,
 author = {McMillan, Collin and Grechanik, Mark and Poshyvanyk, Denys and Xie, Qing and Fu, Chen},
 title = {Portfolio: Finding Relevant Functions and Their Usage},
 booktitle = {Proceedings of the 33rd International Conference on Software Engineering},
 series = {ICSE '11},
 year = {2011},
 pages = {111--120},
 publisher = {ACM},
}

@inproceedings{chan-fse12,
 author = {Chan, Wing-Kwan and Cheng, Hong and Lo, David},
 title = {{Searching Connected API Subgraph via Text Phrases}},
 booktitle = {Proceedings of the 20th International Symposium on the Foundations of Software Engineering},
 series = {FSE '12},
 year = {2012},
 pages = {10:1--10:11},
 publisher = {ACM},
}

@inproceedings{prem-fse07,
 author = {Saul, Zachary M. and Filkov, Vladimir and Devanbu, Premkumar and Bird, Christian},
 title = {Recommending Random Walks},
 booktitle = {Proceedings of the ACM SIGSOFT Symposium on The Foundations of Software Engineering},
 series = {ESEC-FSE '07},
 year = {2007},
 pages = {15--24},
 publisher = {ACM},
}    

@inproceedings{zheng-fse11,
 author = {Zheng, Wujie and Zhang, Qirun and Lyu, Michael},
 title = {Cross-library API Recommendation Using Web Search Engines},
 booktitle = {Proceedings of the 19th ACM SIGSOFT Symposium and the 13th European Conference on Foundations of Software Engineering},
 series = {ESEC/FSE '11},
 year = {2011},
 pages = {480--483},
 publisher = {ACM},
}

@inproceedings{examplar-icse10,
 author = {Grechanik, Mark and Fu, Chen and Xie, Qing and McMillan, Collin and Poshyvanyk, Denys and Cumby, Chad},
 title = {A Search Engine for Finding Highly Relevant Applications},
 booktitle = {Proceedings of the 32Nd ACM/IEEE International Conference on Software Engineering - Volume 1},
 series = {ICSE '10},
 year = {2010},
 pages = {475--484},
 publisher = {ACM},
}

@inproceedings{inoue-icse03,
 author = {Inoue, Katsuro and Yokomori, Reishi and Fujiwara, Hikaru and Yamamoto, Tetsuo and Matsushita, Makoto and Kusumoto, Shinji},
 title = {Component Rank: Relative Significance Rank for Software Component Search},
 booktitle = {Proceedings of the 25th International Conference on Software Engineering},
 series = {ICSE '03},
 year = {2003},
 pages = {14--24},
 publisher = {IEEE},
}   

@inproceedings{sawadsky-icse13,
 author = {Sawadsky, Nicholas and Murphy, Gail C. and Jiresal, Rahul},
 title = {Reverb: Recommending Code-related Web Pages},
 booktitle = {Proceedings of the 2013 International Conference on Software Engineering},
 series = {ICSE '13},
 year = {2013},
 pages = {812--821},
 publisher = {IEEE Press},
} 


@inproceedings{brandt-chi10,
 author = {Brandt, Joel and Dontcheva, Mira and Weskamp, Marcos and Klemmer, Scott R.},
 title = {Example-centric Programming: Integrating Web Search into the Development Environment},
 booktitle = {Proceedings of the SIGCHI Conference on Human Factors in Computing Systems},
 series = {CHI '10},
 year = {2010},
 pages = {513--522},
 publisher = {ACM},
} 

@inproceedings{zhang-fase11,
 author = {Zhang, Qirun and Zheng, Wujie and Lyu, Michael R.},
 title = {Flow-augmented Call Graph: A New Foundation for Taming API Complexity},
 booktitle = {Proceedings of the 14th International Conference on Fundamental Approaches to Software Engineering},
 series = {FASE'11/ETAPS'11},
 year = {2011},
 pages = {386--400},
 publisher = {Springer-Verlag},
}

@inproceedings{li-icse12,
 author = {Li, Jingyue and Ernst, Michael D.},
 title = {CBCD: Cloned Buggy Code Detector},
 booktitle = {Proceedings of the 34th International Conference on Software Engineering},
 series = {ICSE '12},
 year = {2012},
 pages = {310--320},
 publisher = {IEEE Press},
}

@inproceedings{xsnippet-oopsla06,
 author = {Sahavechaphan, Naiyana and Claypool, Kajal},
 title = {XSnippet: Mining For Sample Code},
 booktitle = {Proceedings of the Conference on Object-oriented Programming Systems, Languages, and Applications},
 series = {OOPSLA'06},
 year = {2006},
 pages = {413--430},
 publisher = {ACM},
} 

@inproceedings{mishne-oopsla12,
 author = {Mishne, Alon and Shoham, Sharon and Yahav, Eran},
 title = {Typestate-based Semantic Code Search over Partial Programs},
 booktitle = {Proceedings of the ACM International Conference on Object Oriented Programming Systems Languages and Applications},
 series = {OOPSLA '12},
 year = {2012},
 pages = {997--1016},
 publisher = {ACM},
} 

@inproceedings{Solar-LezamaTBSS06,
  author    = {Armando Solar{-}Lezama and
               Liviu Tancau and
               Rastislav Bod{\'{\i}}k and
               Sanjit A. Seshia and
               Vijay A. Saraswat},
  title     = {Combinatorial sketching for finite programs},
  booktitle = {Proceedings of the 12th International Conference on Architectural
               Support for Programming Languages and Operating Systems, {ASPLOS}},
  pages     = {404--415},
  year      = {2006},
}

@inproceedings{Solar-Lezama-pldi08,
 author = {Solar-Lezama, Armando and Jones, Christopher Grant and Bodik, Rastislav},
 title = {Sketching Concurrent Data Structures},
 booktitle = {Proceedings of the 29th ACM SIGPLAN Conference on Programming Language Design and Implementation},
 series = {PLDI '08},
 year = {2008},
 pages = {136--148},
 publisher = {ACM},
} 

@inproceedings{Solar-Lezama-pldi07,
 author = {Solar-Lezama, Armando and Arnold, Gilad and Tancau, Liviu and Bodik, Rastislav and Saraswat, Vijay and Seshia, Sanjit},
 title = {Sketching Stencils},
 booktitle = {Proceedings of the 28th ACM SIGPLAN Conference on Programming Language Design and Implementation},
 series = {PLDI '07},
 year = {2007},
 pages = {167--178},
 publisher = {ACM},
} 

@inproceedings{raabe-dac09,
 author = {Raabe, Andreas and Bodik, Rastislav},
 title = {Synthesizing Hardware from Sketches},
 booktitle = {Proceedings of the 46th Annual Design Automation Conference},
 series = {DAC '09},
 year = {2009},
 pages = {623--624},
 publisher = {ACM},
} 

@inproceedings{hindle-icse12,
 author = {Hindle, Abram and Barr, Earl T. and Su, Zhendong and Gabel, Mark and Devanbu, Premkumar},
 title = {On the naturalness of software},
 booktitle = {Proceedings of the 2012 International Conference on Software Engineering},
 series = {ICSE 2012},
 year = {2012},
 pages = {837--847},
 publisher = {IEEE Press},
}

@inproceedings{barr-codeconvention-fse14,
 author = {Allamanis, Miltiadis and Barr, Earl T. and Bird, Christian and Sutton, Charles},
 title = {Learning Natural Coding Conventions},
 booktitle = {Proceedings of the International Symposium on Foundations of Software Engineering},
 series = {FSE 2014},
 year = {2014},
 pages = {281--293},
 publisher = {ACM},
} 

@inproceedings{raychev-pldi14,
 author = {Raychev, Veselin and Vechev, Martin and Yahav, Eran},
 title = {Code Completion with Statistical Language Models},
 booktitle = {Proceedings of the 35th ACM SIGPLAN Conference on Programming Language Design and Implementation},
 series = {PLDI '14},
 year = {2014},
 pages = {419--428},
 publisher = {ACM},
}

@Inproceedings {tarlow14,
author       = {Chris J Maddison and Daniel Tarlow},
booktitle    = {The 31st International Conference on Machine Learning (ICML)},
journal      = {arXiv preprint arXiv:1401.0514},
month        = {June},
title        = {Structured Generative Models of Natural Source Code},
year         = {2014},
}

@INPROCEEDINGS{sutton-msr13, 
author={Allamanis, M. and Sutton, C.}, 
booktitle={Proceedings of the 10th IEEE Working Conference on Mining Software Repositories (MSR'13)}, 
title={Mining source code repositories at massive scale using language modeling}, 
year={2013}, 
pages={207-216}, 
publisher = {IEEE CS},
}

@INPROCEEDINGS{white-msr15, 
author={Martin White and Christopher Vendome and Mario Linares-Vasquez and Denys Poshyvanyk}, 
booktitle={Mining Software Repositories (MSR)},
title={Toward Deep Learning Software Repositories},
year={2015}, 
publisher = {IEEE CS},
}

@article{tbcnn14,
  author    = {Lili Mou and
               Ge Li and
               Zhi Jin and
               Lu Zhang and
               Tao Wang},
  title     = {{TBCNN:} {A} Tree-Based Convolutional Neural Network for Programming
               Language Processing},
  journal   = {CoRR},
  volume    = {abs/1409.5718},
  year      = {2014},
  url       = {http://arxiv.org/abs/1409.5718},
}

@MISC{gate,
        TITLE     = {{General Architecture for Text Engineering}},
        HOWPUBLISHED = {http://gate.ac.uk/},
        KEY       = {Gate}
}

@InProceedings{phrasal10,
	author    = {Cer, Daniel  and  Galley, Michel  and  Jurafsky, Daniel  and  Manning, Christopher D.},
	title     = {Phrasal: A Statistical Machine Translation Toolkit for Exploring New Model Features},
	booktitle = {Proceedings of the NAACL HLT 2010 Demonstration Session},
	month     = {June},
	year      = {2010},
	address   = {Los Angeles, California},
	publisher = {Association for Computational Linguistics},
	pages     = {9--12},
}

@inproceedings{peter-icse15,
  author    = {Latifa Guerrouj and
               David Bourque and
               Peter C. Rigby},
  title     = {Leveraging Informal Documentation to Summarize Classes and Methods
               in Context},
  booktitle = {37th {IEEE/ACM} International Conference on Software Engineering,
               {ICSE} 2015, Florence, Italy, May 16-24, 2015, Volume 2},
  pages     = {639--642},
  year      = {2015},
  publisher = {IEEE CS},
}

@MISC{bekerleyaligner,
        TITLE     = {{The BerkeleyAligner}},
        HOWPUBLISHED = {https://code.google.com/p/berkeleyaligner/},
        KEY       = {bekerleyaligner}
}

@MISC{t2codewebsite,
        TITLE     = {{T2API Website}},
        HOWPUBLISHED = {\href{http://home.engineering.iastate.edu/~anhnt/Research/T2API/}{http://home.engineering.iastate.edu/~anhnt/Research/T2API/}},
        KEY       = {T2API}
}

@MISC{demoT2API,
        TITLE     = {{T2API Website}},
        HOWPUBLISHED = {\href{https://www.youtube.com/watch?v=Q8Kec6MHGY0&feature=youtu.be}{https://www.youtube.com/watch?v=Q8Kec6MHGY0\&feature=\\youtu.be}},
        KEY       = {T2API}
}


@MISC{java2cs,
        TITLE     = {{Java2CSharp}},
        HOWPUBLISHED = {http://sourceforge.net/projects/j2cstranslator/},
        KEY       = {Java2CSharp},
}

@MISC{example1,
        TITLE     = {{StackOverflow}},
        HOWPUBLISHED = {http://stackoverflow.com/questions/11270229/how-to-use-geocoder-to-get-the-current-location-zip-code/11271458\#11271458},
        KEY       = {StackOverflow},
}

@MISC{jdkdocumentation,
       TITLE = {Java Platform Standard Edition 7 Documentation},
       HOWPUBLISHED = {http://docs.oracle.com/javase/7/docs/}, 
       KEY = {JDK documentation},
}

@MISC{apachedoc,
      TITLE = {Apache Documentation},
      HOWPUBLISHED = {https://httpd.apache.org/docs/},
      KEY = {Apache documentation},
}

@MISC{kodejava,
      TITLE = {Kode Java},
      HOWPUBLISHED = {https://kodejava.org/},
      KEY = {Kode Java},
}

@inproceedings{parseweb-ase07,
 author = {Thummalapenta, Suresh and Xie, Tao},
 title = {Parseweb: A Programmer Assistant for Reusing Open Source Code on the Web},
 booktitle = {Proceedings of the Twenty-second IEEE/ACM International Conference on Automated Software Engineering},
 series = {ASE '07},
 year = {2007},
 isbn = {978-1-59593-882-4},
 location = {Atlanta, Georgia, USA},
 pages = {204--213},
 numpages = {10},
 url = {http://doi.acm.org/10.1145/1321631.1321663},
 doi = {10.1145/1321631.1321663},
 acmid = {1321663},
 publisher = {ACM},
 address = {New York, NY, USA},
 keywords = {code examples, code reuse, code search engine, ranking code samples},
} 

@inproceedings{ase11,
 author = {Nguyen, Anh Tuan and Nguyen, Tung Thanh and Al-Kofahi, Jafar and Nguyen, Hung Viet and Nguyen, Tien N.},
 title = {A Topic-based Approach for Narrowing the Search Space of Buggy Files from a Bug Report},
 booktitle = {Proceedings of the 2011 26th IEEE/ACM International Conference on Automated Software Engineering},
 series = {ASE '11},
 year = {2011},
 isbn = {978-1-4577-1638-6},
 pages = {263--272},
 numpages = {10},
 url = {http://dx.doi.org/10.1109/ASE.2011.6100062},
 doi = {10.1109/ASE.2011.6100062},
 acmid = {2190181},
 publisher = {IEEE Computer Society},
 address = {Washington, DC, USA},
} 

@inproceedings{ase15-china,
 author = {Qing Gao and Hansheng Zhang and Jie Wang and Yingfei Xiong and Lu Zhang and Hong Mei},
 title = {Fixing Recurring Crash Bugs via Analyzing Q and A Sites},
 booktitle = {Proceedings of the 2015 IEEE/ACM International Conference on Automated Software Engineering},
 series = {ASE '15},
 year = {2015},
 publisher = {IEEE Computer Society},
} 

@inproceedings{sorbo-ase15,
 author = {Andrea Di Sorbo and Sebastiano Panichella and Corrado A. Visaggio and Massimiliano Di Penta and Gerardo Canfora and Harald C. Gall},
 title = {Development Emails Content Analyzer: Intention Mining in Developer Discussions},
 booktitle = {Proceedings of International Conference on Automated Software Engineering},
 series = {ASE '15},
 year = {2015},
 publisher = {IEEE},
} 





@inproceedings{word2vec,
  author    = {Tomas Mikolov and
               Ilya Sutskever and
               Kai Chen and
               Gregory S. Corrado and
               Jeffrey Dean},
  title     = {Distributed Representations of Words and Phrases and their Compositionality},
  booktitle = {27th Annual Conference on Neural Information Processing Systems 2013 (NIPS'13)},
  pages     = {3111--3119},
  year      = {2013},
}

@article{veceval-emnlp15,
	title={Evaluation of word vector representations by subspace alignment},
	author={Tsvetkov, Yulia and Faruqui, Manaal and Ling, Wang and Lample, Guillaume and Dyer, Chris},
	year={2015},
	publisher={Citeseer}
}

@article{mikolov2013efficient,
	title={Efficient estimation of word representations in vector space},
	author={Mikolov, Tomas and Chen, Kai and Corrado, Greg and Dean, Jeffrey},
	journal={arXiv preprint arXiv:1301.3781},
	year={2013}
}

@book{dnnbook,
 author = {Li Deng and Dong Yu},
 title = {Deep Learning Methods and Applications -- Foundations and trends in signal processing},
 year = {2014},
 isbn = {1932-8346},
 publisher = {Microsoft Research},
 address = {USA},
 }

@book{pcabook,
  added-at = {2012-03-07T13:40:35.000+0100},
  address = {New York},
  author = {{Jolliffe}, Ian},
  biburl = {https://www.bibsonomy.org/bibtex/28b5858f7e09d953829376097f1b83344/redi},
  interhash = {55163789a5c7af76da3e9b319884b07f},
  intrahash = {8b5858f7e09d953829376097f1b83344},
  keywords = {Jolliffe},
  owner = {Rafal},
  publisher = {Springer Verlag},
  timestamp = {2012-03-07T13:40:35.000+0100},
  title = {Principal component analysis},
  year = 2002
}




@article{mikolovLS13,
  added-at = {2013-10-16T00:00:00.000+0200},
  author = {Mikolov, Tomas and Le, Quoc V. and Sutskever, Ilya},
  biburl = {http://www.bibsonomy.org/bibtex/2568999b66f43f7438845e796deb72fd1/dblp},
  ee = {http://arxiv.org/abs/1309.4168},
  interhash = {b3c5cbe55304ca25baa2adf193fef4cf},
  intrahash = {568999b66f43f7438845e796deb72fd1},
  journal = {CoRR},
  keywords = {dblp},
  timestamp = {2013-10-17T11:34:00.000+0200},
  title = {Exploiting Similarities among Languages for Machine Translation.},
  url = {http://dblp.uni-trier.de/db/journals/corr/corr1309.html#MikolovLS13},
  volume = {abs/1309.4168},
  year = 2013
}

@article{QuocLeM14,
author    = {Quoc V. Le and
Tomas Mikolov},
title     = {Distributed Representations of Sentences and Documents},
journal   = {CoRR},
volume    = {abs/1405.4053},
year      = {2014},
url       = {http://arxiv.org/abs/1405.4053},
timestamp = {Mon, 02 Jun 2014 08:30:36 +0200},
biburl    = {http://dblp.uni-trier.de/rec/bib/journals/corr/LeM14},
bibsource = {dblp computer science bibliography, http://dblp.org}
}

@inproceedings{anycode-oopsla15,
 author = {Gvero, Tihomir and Kuncak, Viktor},
 title = {Synthesizing {Java} Expressions from Free-form Queries},
 booktitle = {Proceedings of the 2015 ACM SIGPLAN International Conference on Object-Oriented Programming, Systems, Languages, and Applications},
 series = {OOPSLA 2015},
 year = {2015},
 pages = {416--432},
 publisher = {ACM},
} 

@inproceedings{bacchelli-icse10,
 author = {Bacchelli, Alberto and Lanza, Michele and Robbes, Romain},
 title = {Linking e-Mails and Source Code Artifacts},
 booktitle = {Proceedings of the 32Nd ACM/IEEE International Conference on Software Engineering - Volume 1},
 series = {ICSE '10},
 year = {2010},
 isbn = {978-1-60558-719-6},
 location = {Cape Town, South Africa},
 pages = {375--384},
 numpages = {10},
 url = {http://doi.acm.org/10.1145/1806799.1806855},
 doi = {10.1145/1806799.1806855},
 acmid = {1806855},
 publisher = {ACM},
 address = {New York, NY, USA},
} 

@inproceedings{dagenais-icse12,
 author = {Dagenais, Barth{\'e}l{\'e}my and Robillard, Martin P.},
 title = {Recovering Traceability Links Between an API and Its Learning Resources},
 booktitle = {Proceedings of the 34th International Conference on Software Engineering},
 series = {ICSE '12},
 year = {2012},
 pages = {47--57},
 publisher = {IEEE Press},
} 

@INPROCEEDINGS{bacchelli-ase11, 
author={Bacchelli, Alberto and Cleve, A. and Lanza, M. and Mocci, A.}, 
booktitle={Automated Software Engineering (ASE), 26th International Conference on}, 
title={Extracting structured data from natural language documents with island parsing}, 
year={2011}, 
pages={476-479}, 
}

@inproceedings{vanDeursen-icsm99,
 author = {van Deursen, Arie and Kuipers, Tobias},
 title = {Building Documentation Generators},
 booktitle = {Proceedings of the IEEE International Conference on Software Maintenance},
 series = {ICSM '99},
 year = {1999},
 acmid = {853407},
 publisher = {IEEE},
} 

@inproceedings{baker-icse14,
 author = {Subramanian, Siddharth and Inozemtseva, Laura and Holmes, Reid},
 title = {Live API Documentation},
 booktitle = {Proceedings of the 36th International Conference on Software Engineering},
 series = {ICSE 2014},
 year = {2014},
 isbn = {978-1-4503-2756-5},
 location = {Hyderabad, India},
 pages = {643--652},
 numpages = {10},
 url = {http://doi.acm.org/10.1145/2568225.2568313},
 doi = {10.1145/2568225.2568313},
 acmid = {2568313},
 publisher = {ACM},
 address = {New York, NY, USA},
 keywords = {Source code examples, documentation, source code search},
} 

@inproceedings{haiduc10,
 author = {Haiduc, Sonia and Aponte, Jairo and Marcus, Andrian},
 title = {Supporting Program Comprehension with Source Code Summarization},
 booktitle = {Proceedings of International Conference on Software Engineering},
 series = {ICSE '10},
 year = {2010},
 pages = {223--226},
 publisher = {ACM},
} 

@INPROCEEDINGS{moreno-icpc13, 
author={Moreno, L. and Aponte, J. and Sridhara, G. and Marcus, A. and Pollock, L. and Vijay-Shanker, K.}, 
booktitle={ICPC'13},
title={Automatic generation of natural language summaries for Java classes}, 
year={2013}, 
pages={23-32}, 
month={May},
}

@inproceedings{moreno-icse15,
 author = {Moreno, Laura and Bavota, Gabriele and Haiduc, Sonia and Di Penta, Massimiliano and Oliveto, Rocco and Russo, Barbara and Marcus, Andrian},
 title = {Query-based Configuration of Text Retrieval Solutions for Software Engineering Tasks},
 booktitle = {Proceedings of Foundations of Software Engineering},
 series = {ESEC/FSE 2015},
 year = {2015},
 pages = {567--578},
 publisher = {ACM},
}

@inproceedings{sridhara-ase10,
 author = {Sridhara, Giriprasad and Hill, Emily and Muppaneni, Divya and Pollock, Lori and Vijay-Shanker, K.},
 title = {Towards Automatically Generating Summary Comments for Java Methods},
 booktitle = {Proceedings of the IEEE/ACM International Conference on Automated Software Engineering},
 series = {ASE '10},
 year = {2010},
 pages = {43--52},
 numpages = {10},
 publisher = {ACM},
}  

@inproceedings{mcmillan-icpc14,
 author = {McBurney, Paul W. and McMillan, Collin},
 title = {Automatic Documentation Generation via Source Code Summarization of Method Context},
 booktitle = {Proceedings of the 22Nd International Conference on Program Comprehension},
 series = {ICPC'14},
 pages = {279--290},
 publisher = {ACM},
}

@inproceedings{moreno-fse14,
 author = {Moreno, Laura and Bavota, Gabriele and Di Penta, Massimiliano and Oliveto, Rocco and Marcus, Andrian and Canfora, Gerardo},
 title = {Automatic Generation of Release Notes},
 booktitle = {Proceedings of Foundations of Software Engineering},
 series = {FSE 2014},
 year = {2014},
 pages = {484--495},
 publisher = {ACM},
}  


@inproceedings{bimodal15,
 author = {Miltos Allamanis and Daniel Tarlow and Andrew Gordon and Yi Wei},
 title = {Bimodal Modelling of Source Code and Natural Language},
 booktitle = {Proceedings of the 32nd International Conference on Machine Learning},
 series = {ICML '15},
 year = {2015},
 publisher = {ACM}, 
}  

@inproceedings{sutton-fse15,
 author = {Allamanis, Miltiadis and Barr, Earl T. and Bird, Christian and Sutton, Charles},
 title = {Suggesting Accurate Method and Class Names},
 booktitle = {Proceedings of the 10th Joint Meeting on Foundations of Software Engineering},
 series = {ESEC/FSE 2015},
 year = {2015},
 pages = {38--49},
 publisher = {ACM},
} 

@inproceedings{aura-icse10,
 author = {Wu, Wei and Gu{\'e}h{\'e}neuc, Yann-Ga\"{e}l and Antoniol, Giuliano and Kim, Miryung},
 title = {AURA: A Hybrid Approach to Identify Framework Evolution},
 booktitle = {Proceedings of the ACM/IEEE International Conference on Software Engineering},
 series = {ICSE '10},
 year = {2010},
 pages = {325--334},
 publisher = {ACM},
} 

@inproceedings{zhong-icse10,
 author = {Zhong, Hao and Thummalapenta, Suresh and Xie, Tao and Zhang, Lu and Wang, Qing},
 title = {Mining API Mapping for Language Migration},
 booktitle = {Proceedings of International Conference on Software Engineering},
 series = {ICSE '10},
 year = {2010},
 pages = {195--204},
 publisher = {ACM},
} 

@inproceedings{ase14,
 author = {Nguyen, Anh Tuan and Nguyen, Hoan Anh and Nguyen, Tung Thanh and Nguyen, Tien N.},
 title = {Statistical Learning Approach for Mining API Usage Mappings for Code Migration},
 booktitle = {Proceedings of the 29th ACM/IEEE International Conference on Automated Software Engineering},
 series = {ASE '14},
 year = {2014},
 isbn = {978-1-4503-3013-8},
 location = {Vasteras, Sweden},
 pages = {457--468},
 numpages = {12},
 url = {http://doi.acm.org/10.1145/2642937.2643010},
 doi = {10.1145/2642937.2643010},
 acmid = {2643010},
 publisher = {ACM},
 address = {New York, NY, USA},
 keywords = {api mappings, api usages, code migration, statistical learning},
} 

@inproceedings{meng-icse12,
 author = {Meng, Sichen and Wang, Xiaoyin and Zhang, Lu and Mei, Hong},
 title = {A History-based Matching Approach to Identification of Framework Evolution},
 booktitle = {Proceedings of the 34th International Conference on Software Engineering},
 series = {ICSE '12},
 year = {2012},
 pages = {353--363},
 publisher = {IEEE},
} 

@inproceedings{butler-ecoop11,
 author = {Butler, Simon and Wermelinger, Michel and Yu, Yijun and Sharp, Helen},
 title = {Improving the Tokenisation of Identifier Names},
 booktitle = {Proceedings of the 25th European Conference on Object-oriented Programming},
 series = {ECOOP'11},
 year = {2011},
 pages = {130--154},
 publisher = {Springer-Verlag},
} 

@inproceedings{cleland-huang-icse14,
 author = {Cleland-Huang, Jane and Gotel, Orlena C. Z. and Huffman Hayes, Jane and M\"{a}der, Patrick and Zisman, Andrea},
 title = {Software Traceability: Trends and Future Directions},
 booktitle = {Proceedings of the on Future of Software Engineering},
 series = {FOSE 2014},
 year = {2014},
 pages = {55--69},
 publisher = {ACM},
} 

@inproceedings{anvik-icse06,
 author = {Anvik, John and Hiew, Lyndon and Murphy, Gail C.},
 title = {Who Should Fix This Bug?},
 booktitle = {Proceedings of International Conference on Software Engineering},
 series = {ICSE '06},
 year = {2006},
 pages = {361--370},
 publisher = {ACM},
} 

@inproceedings{marcus-03,
 author = {Marcus, Andrian and Maletic, Jonathan I.},
 title = {Recovering Documentation-to-source-code Traceability Links Using Latent Semantic Indexing},
 booktitle = {Proceedings of the 25th International Conference on Software Engineering},
 series = {ICSE '03},
 year = {2003},
 pages = {125--135},
 publisher = {IEEE},
} 

@inproceedings{nita-icse10,
	author = {Nita, Marius and Notkin, David},
	title = {Using Twinning to Adapt Programs to Alternative {APIs}},
	booktitle = {Proceedings of the 32Nd ACM/IEEE International Conference on Software Engineering - Volume 1},
	series = {ICSE '10},
	year = {2010},
	isbn = {978-1-60558-719-6},
	location = {Cape Town, South Africa},
	pages = {205--214},
	numpages = {10},
	url = {http://doi.acm.org/10.1145/1806799.1806832},
	doi = {10.1145/1806799.1806832},
	acmid = {1806832},
	publisher = {ACM},
	address = {New York, NY, USA},
	keywords = {API mapping, source-to-source translation, twinning},
} 

@inproceedings{rutgers-icse13,
	author = {Gokhale, Amruta and Ganapathy, Vinod and Padmanaban, Yogesh},
	title = {Inferring Likely Mappings Between APIs},
	booktitle = {Proceedings of the International Conference on Software Engineering},
	series = {ICSE '13},
	year = {2013},
	isbn = {978-1-4673-3076-3},
	location = {San Francisco, CA, USA},
	pages = {82--91},
	numpages = {10},
	url = {http://dl.acm.org/citation.cfm?id=2486788.2486800},
	acmid = {2486800},
	publisher = {IEEE},
}  

@INPROCEEDINGS{icse17,
 author = {Nguyen, Trong Duc and Nguyen, Anh Tuan and Phan, Hung Dang and Nguyen, Tien N.},
 title = {Exploring API Embedding for API Usages and Applications},
 booktitle = {Proceedings of the 39th International Conference on Software Engineering},
 series = {ICSE '17},
 year = {2017},
 isbn = {978-1-5386-3868-2},
 location = {Buenos Aires, Argentina},
 pages = {438--449},
 numpages = {12},
 url = {https://doi.org/10.1109/ICSE.2017.47},
 doi = {10.1109/ICSE.2017.47},
 acmid = {3097421},
 publisher = {IEEE Press},
 address = {Piscataway, NJ, USA},
 keywords = {API embedding, API usages, Word2Vec, migration},
} 

@INPROCEEDINGS{icse16-trong,
 author = {Nguyen, Trong Duc and Nguyen, Anh Tuan and Nguyen, Tien N.},
 title = {Mapping API Elements for Code Migration with Vector Representations},
 booktitle = {Proceedings of the 38th International Conference on Software Engineering Companion},
 series = {ICSE '16},
 year = {2016},
 isbn = {978-1-4503-4205-6},
 location = {Austin, Texas},
 pages = {756--758},
 numpages = {3},
 url = {http://doi.acm.org/10.1145/2889160.2892661},
 doi = {10.1145/2889160.2892661},
 acmid = {2892661},
 publisher = {ACM},
 address = {New York, NY, USA},
 keywords = {API mappings, Word2Vec, code migration, language migration},
} 

@INPROCEEDINGS{icse16-thanh,
 author = {Van Nguyen, Thanh and Nguyen, Anh Tuan and Nguyen, Tien N.},
 title = {Characterizing API Elements in Software Documentation with Vector Representation},
 booktitle = {Proceedings of the 38th International Conference on Software Engineering Companion},
 series = {ICSE '16},
 year = {2016},
 isbn = {978-1-4503-4205-6},
 location = {Austin, Texas},
 pages = {749--751},
 numpages = {3},
 url = {http://doi.acm.org/10.1145/2889160.2892658},
 doi = {10.1145/2889160.2892658},
 acmid = {2892658},
 publisher = {ACM},
 address = {New York, NY, USA},
 keywords = {Word2Vec, software documentation, software libraries},
} 


@inproceedings{buglocator-icse12,
	author = {Zhou, Jian and Zhang, Hongyu and Lo, David},
	title = {Where Should the Bugs Be Fixed? - More Accurate Information Retrieval-based Bug Localization Based on Bug Reports},
	booktitle = {Proceedings of the 34th International Conference on Software Engineering},
	series = {ICSE '12},
	year = {2012},
	isbn = {978-1-4673-1067-3},
	location = {Zurich, Switzerland},
	pages = {14--24},
	url = {http://dl.acm.org/citation.cfm?id=2337223.2337226},
	acmid = {2337226},
	publisher = {IEEE Press},
	address = {Piscataway, NJ, USA},
}

@book{dnnbook,
 author = {Li Deng and Dong Yu},
 title = {Deep Learning Methods and Applications -- Foundations and trends in signal processing},
 year = {2014},
 isbn = {1932-8346},
 publisher = {Microsoft Research},
 address = {USA},
 }

@inproceedings{mikolov11,
 author = {T. Mikolov and A. Deoras and D. Povey and L. Burget and J. Cernocky},
 title = {Strategies for training large scale neural network language models},
 booktitle = {Proceedings of Automatic Speech Recognition and Understanding Workshop},
 series = {ASRU'11},
 year = {2011},
 publisher = {IEEE},
} 

@inproceedings{mikolov10,
 author = {T. Mikolov and M. Karafiat and L. Burget and J. Cernocky and S. Khudanpur},
 title = {Recurrent neural network based language model},
 booktitle = {Proceedings of International Conference on Acoustics Speech and Signal Processing (ICASSP)},
 series = {ICASSP'10},
 year = {2010},
 pages = {1045--1048},
 publisher = {IEEE},
} 

@inproceedings {NAACL2013Regularities,
author       = {Tomas Mikolov and Wen-tau Yih and Geoffrey Zweig},
booktitle    = {Proceedings of the 2013 Conference of the North American Chapter of the
                Association for Computational Linguistics: Human Language Technologies
                (NAACL-HLT-2013)},
month        = {May},
publisher    = {Association for Computational Linguistics},
title        = {Linguistic Regularities in Continuous Space Word Representations},
year         = {2013},
}

@article{yang-esej14,
 author = {Yang, Jinqiu and Tan, Lin},
 title = {SWordNet: Inferring Semantically Related Words from Software Context},
 journal = {Empirical Softw. Engg.},
 issue_date = {December  2014},
 volume = {19},
 number = {6},
 month = dec,
 year = {2014},
 issn = {1382-3256},
 pages = {1856--1886},
 numpages = {31},
 url = {http://dx.doi.org/10.1007/s10664-013-9264-x},
 doi = {10.1007/s10664-013-9264-x},
 acmid = {2683138},
 publisher = {Kluwer Academic Publishers},
 address = {Hingham, MA, USA},
 keywords = {Code search, Program comprehension, Semantically related words},
} 

@inproceedings{sun-ase11,
 author = {Sun, Chengnian and Lo, David and Khoo, Siau-Cheng and Jiang, Jing},
 title = {Towards More Accurate Retrieval of Duplicate Bug Reports},
 booktitle = {Proceedings of International Conference on Automated Software Engineering},
 series = {ASE '11},
 year = {2011},
 pages = {253--262},
 publisher = {IEEE},
} 


@inproceedings{ye-icse16,
 author = {Ye, Xin and Shen, Hui and Ma, Xiao and Bunescu, Razvan and Liu, Chang},
 title = {From Word Embeddings to Document Similarities for Improved Information Retrieval in Software Engineering},
 booktitle = {Proceedings of the 38th International Conference on Software Engineering},
 series = {ICSE '16},
 year = {2016},
 isbn = {978-1-4503-3900-1},
 location = {Austin, Texas},
 pages = {404--415},
 numpages = {12},
 url = {http://doi.acm.org/10.1145/2884781.2884862},
 doi = {10.1145/2884781.2884862},
 acmid = {2884862},
 publisher = {ACM},
 address = {New York, NY, USA},
 keywords = {API documents, bug localization, bug reports, skip-gram model, word embeddings},
} 

@inproceedings{fraft-icse17,
 author = {Jiang, He and Zhang, Jingxuan and Ren, Zhilei and Zhang, Tao},
 title = {An Unsupervised Approach for Discovering Relevant Tutorial Fragments for APIs},
 booktitle = {Proceedings of the 39th International Conference on Software Engineering},
 series = {ICSE '17},
 year = {2017},
 pages = {38--48},
 numpages = {11},
 publisher = {IEEE Press},
} 

@INPROCEEDINGS{saner16,
author={H. Jiang and J. Zhang and X. Li and Z. Ren and D. Lo}, 
booktitle={2016 IEEE 23rd International Conference on Software Analysis, Evolution, and Reengineering (SANER)}, 
title={A More Accurate Model for Finding Tutorial Segments Explaining APIs}, 
year={2016}, 
volume={1}, 
pages={157-167}, 
month={March},
}

@inproceedings{martin-icse15,
 author = {Petrosyan, Gayane and Robillard, Martin P. and De Mori, Renato},
 title = {Discovering Information Explaining API Types Using Text Classification},
 booktitle = {Proceedings of the 37th International Conference on Software Engineering - Volume 1},
 series = {ICSE '15},
 year = {2015},
 pages = {869--879},
 publisher = {IEEE Press},
} 

@InProceedings{pmlr-le14,
  title = 	 {Distributed Representations of Sentences and Documents},
  author = 	 {Quoc Le and Tomas Mikolov},
  booktitle = 	 {Proceedings of the 31st International Conference on Machine Learning},
  pages = 	 {1188--1196},
  year = 	 {2014},

  volume = 	 {32},
  number =       {2},
  series = 	 {Proceedings of Machine Learning Research},
  address = 	 {Bejing, China},
  month = 	 {22--24 Jun},
  publisher = 	 {PMLR},
}

@inproceedings{fse13,
 author = {Nguyen, Tung Thanh and Nguyen, Anh Tuan and Nguyen, Hoan Anh and Nguyen, Tien N.},
 title = {A Statistical Semantic Language Model for Source Code},
 booktitle = {Proceedings of the 2013 9th Joint Meeting on Foundations of Software Engineering},
 series = {ESEC/FSE 2013},
 year = {2013},
 isbn = {978-1-4503-2237-9},
 location = {Saint Petersburg, Russia},
 pages = {532--542},
 numpages = {11},
 url = {http://doi.acm.org/10.1145/2491411.2491458},
 doi = {10.1145/2491411.2491458},
 acmid = {2491458},
 publisher = {ACM},
 address = {New York, NY, USA},
 keywords = {Code Completion, Statistical Semantic Language Model},
} 

@article{lda,
 author = {Blei, David M. and Ng, Andrew Y. and Jordan, Michael I.},
 title = {Latent Dirichlet Allocation},
 journal = {J. Mach. Learn. Res.},
 issue_date = {3/1/2003},
 volume = {3},
 month = mar,
 year = {2003},
 issn = {1532-4435},
 pages = {993--1022},
 numpages = {30},
 url = {http://dl.acm.org/citation.cfm?id=944919.944937},
 acmid = {944937},
 publisher = {JMLR.org},
}

@inproceedings{icse18,
 author = {Phan, Hung and Nguyen, Hoan Anh and Tran, Ngoc M. and Truong, Linh H. and Nguyen, Anh Tuan and Nguyen, Tien N.},
 title = {Statistical Learning of {API} Fully Qualified Names in Code Snippets of Online Forums},
 booktitle = {Proceedings of the 40th International Conference on Software Engineering},
 series = {ICSE '18},
 year = {2018},
 pages = {632--642},
 numpages = {11},
 publisher = {ACM},
} 

@inproceedings{Christodorescu:2003:SAE:1251353.1251365,
 author = {Christodorescu, Mihai and Jha, Somesh},
 title = {Static Analysis of Executables to Detect Malicious Patterns},
 booktitle = {Proceedings of the 12th Conference on USENIX Security Symposium - Volume 12},
 series = {SSYM'03},
 year = {2003},
 location = {Washington, DC},
 pages = {12--12},
 numpages = {1},
 url = {http://dl.acm.org/citation.cfm?id=1251353.1251365},
 acmid = {1251365},
 publisher = {USENIX Association},
}

@inproceedings{Moser:2007:EME:1263552.1264210,
 author = {Moser, Andreas and Kruegel, Christopher and Kirda, Engin},
 title = {Exploring Multiple Execution Paths for Malware Analysis},
 booktitle = {Proceedings of the 2007 IEEE Symposium on Security and Privacy},
 series = {SP '07},
 year = {2007},
 pages = {231--245},
 publisher = {IEEE Computer Society},
}

@INPROCEEDINGS{Udupa05deobfuscation:reverse,
    author = {Sharath K. Udupa and Saumya K. Debray and Matias Madou},
    title = {Deobfuscation: Reverse engineering obfuscated code},
    booktitle = {Proceedings of the 12th Working Conference on Reverse Engineering (WCRE'05)},
    year = {2005},
    pages = {45--54},
    publisher = {IEEE Computer Society}
}

@article{sutton-16,
  author    = {Jaroslav M. Fowkes and
               Charles A. Sutton},
  title     = {Parameter-Free Probabilistic {API} Mining at GitHub Scale},
  journal   = {CoRR},
  volume    = {abs/1512.05558},
  year      = {2015},
  url       = {http://arxiv.org/abs/1512.05558},
  timestamp = {Sat, 02 Jan 2016 11:38:49 +0100},
  biburl    = {http://dblp.uni-trier.de/rec/bib/journals/corr/FowkesS15a},
  bibsource = {dblp computer science bibliography, http://dblp.org}
}

@inproceedings{gu-fse16,
 author = {Gu, Xiaodong and Zhang, Hongyu and Zhang, Dongmei and Kim, Sunghun},
 title = {Deep {API} Learning},
 booktitle = {Proceedings of the 24th ACM SIGSOFT International Symposium on Foundations of Software Engineering},
 series = {FSE 2016},
 year = {2016},
 pages = {631--642},
 publisher = {ACM},
} 

@inproceedings{Raghothaman-ICSE16,
 author = {Raghothaman, Mukund and Wei, Yi and Hamadi, Youssef},
 title = {{SWIM}: Synthesizing What I Mean: Code Search and Idiomatic Snippet Synthesis},
 booktitle = {Proceedings of the 38th International Conference on Software Engineering},
 series = {ICSE '16},
 year = {2016},
 pages = {357--367},
 publisher = {ACM},
} 

@inproceedings{icse19,
author = {Tran, Hieu and Tran, Ngoc and Nguyen, Son and Nguyen, Hoan and Nguyen, Tien N.},
title = {Recovering Variable Names for Minified Code with Usage Contexts},
year = {2019},
publisher = {IEEE Press},
url = {https://doi.org/10.1109/ICSE.2019.00119},
doi = {10.1109/ICSE.2019.00119},
booktitle = {Proceedings of the 41st International Conference on Software Engineering},
pages = {1165--1175},
numpages = {11},
keywords = {minified JS code, variable name recovery, naturalness of code, usage contexts},
location = {Montreal, Quebec, Canada},
series = {ICSE '19}
}

